@INPROCEEDINGS{baydoun-2018-learning-switching-models-for-abnormality-detection-for-autonomous-driving,
	author={M. {Baydoun} and D. {Campo} and V. {Sanguineti} and L. {Marcenaro} and A. {Cavallaro} and C. {Regazzoni}}, 
	title={Learning Switching Models for Abnormality Detection for Autonomous Driving}, 
	year={2018},}

@article{fritzke-1995-a-growing-neural-gas-network-learns-topologies,
	author = {Fritzke, Bernd},
	year = {1995},
	title = {A Growing Neural Gas Network Learns Topologies},
}


@article{kosak-2019-multipotent-systems-combining-planning-self-organization-and-reconfiguration-in-modular-robot-ensembles,
	author    = {Oliver Kosak and
	Constantin Wanninger and
	Alwin Hoffmann and
	Hella Ponsar and
	Wolfgang Reif},
	title     = {Multipotent Systems: Combining Planning, Self-Organization, and Reconfiguration
	in Modular Robot Ensembles},
	year      = {2019},
}

@article{qing-2107-real-time-road-traffic-awareness-model-based-on-optimal-multi-channel-self-organized-time-division-multiple-access-algorithm,
	author = {Hu, Qing and Xu, Linlin},
	title = {Real-Time Road Traffic Awareness Model Based on Optimal Multi-Channel Self-Organized Time Division Multiple Access Algorithm},
	year = {2017},
}



@inproceedings{selvaggio-2017-towards-a-self-collision-aware-teleoperation-framework-for-compound-robots,
	author    = {Mario Selvaggio and
	Stanislao Grazioso and
	Gennaro Notomista and
	Fei Chen},
	title     = {Towards a self-collision aware teleoperation framework for compound
	robots},
	booktitle = {2017 {IEEE} IntrestedRegion Haptics Conference, {WHC} 2017, Munich, Germany,
	June 6-9, 2017},
	pages     = {460--465},
	publisher = {{IEEE}},
	year      = {2017},
}

@inproceedings{kanapram-2019-self-awareness-in-intelligent-vehicles-experience-based-abnormality-detection,
	title={Cognitive Dynamic Systems: Perception-action Cycle, Radar and Radio},
	author={Divya Kanapram and Pablo Marin-Plaza and Lucio Marcenaro and David Martin and Arturo de la Escalera , Carlo Regazzoni},
	year={2019},
}

@inproceedings{haykin-2012-cognitive-dynamic-systems-perception-action-cycle-radar-and-radio,
	title={Cognitive Dynamic Systems: Perception-action Cycle, Radar and Radio},
	author={Simon Haykin},
	year={2012},
}

@Inbook{rizzolatti-1996-premotor-cortex-and-the-recognition-of-motor-actions,
	author={G. Rizzolatti and L. Fadiga and V. Gallese and L. Fogassi,},
	title={Premotor cortex and the recognition of motor actions},
	bookTitle={Cognitive Brain Research},
	volume={3},
	year={1996},
	pages={131--141},
}

@article{morin-2006-levels-of-consciousness-and-self-awareness-a-comparison-and-integration-of-various-neurocognitive-views,
	title={Levels of consciousness and self-awareness: A comparison and integration of various neurocognitive views},
	author={Alain Morin},
	journal={Consciousness and Cognition},
	year={2006},
	volume={15},
	pages={358-371}
}

@inbook{lewis-2017-towards-a-framework-for-the-levels-and-aspects-of-self-aware-computing-systems,
	author = {Lewis, Peter and Bellman, Kirstie and Landauer, Christopher and Esterle, Lukas and Glette, Kyrre and Diaconescu, Ada and Giese, Holger},
	year = {2017},
	month = {01},
	pages = {51-85},
	title = {Towards a Framework for the Levels and Aspects of Self-aware Computing Systems},
	journal = {Self-Aware Computing Systems},
}

@article{friston-2010-the-free-energy-principle-a-unified-brain-theory,
	title={The free-energy principle: a unified brain theory?},
	author={Karl J. Friston},
	journal={Nature Reviews Neuroscience},
	year={2010},
	volume={11},
	pages={127-138},
}
@article {seth-2013-interoceptive-inference-emotion-and-the-embodied-self,
	Title = {Interoceptive inference, emotion, and the embodied self},
	Author = {Seth, Anil K},
	Year = {2013},
	Journal = {Trends in cognitive sciences},
	Pages = {565â€”573},
}

@article{kanapram-2020-collective-awareness-for-abnormality-detection-in-connected-autonomous-vehicles,
	author    = {Divya Kanapram and
	Fabio Patrone and
	Pablo Marin Plaza and
	Mario Marchese and
	Eliane L. Bodanese and
	Lucio Marcenaro and
	David Martin Gomez and
	Carlo S. Regazzoni},
	title     = {Collective Awareness for Abnormality Detection in Connected Autonomous Vehicles},
	journal   = {{IEEE} Internet Things J.},
	year      = {2020},
}

@Book{damasio-1999-the-feeling-of-what-happens-body-and-emotion-in-the-making-of-consciousness,
	author = {Damasio, Antonio},
	title = {The feeling of what happens : body and emotion in the making of consciousness},
	publisher = {Harcourt Brace},
	year = {1999},
	address = {New York},
	isbn = {0156010755}
}

@INPROCEEDINGS{schmickl-2011-cocoro-the-self-aware-underwater-swarm,
	author={T. Schmickl and R. Thenius and C. Moslinger and J. Timmis and A. Tyrrell and M. Read and J. Hilder and J. Halloy and A. Campo and C. Stefanini and L. Manfredi and S. Orofino and S. Kernbach and T. Dipper and D. Sutantyo},
	booktitle={2011 Fifth IEEE Conference on Self-Adaptive and Self-Organizing Systems Workshops}, 
	title={CoCoRo -- The Self-Aware Underwater Swarm}, 
	year={2011},
	volume={},
	number={},
	pages={120-126},
}

@inproceedings{mitchell-2005-self-awareness-and-control-in-decentralized-systems,
	author = {Mitchell, Melanie},
	year = {2005},
	month = {01},
	pages = {80-85},
	title = {Self-awareness and control in decentralized systems},
}

@inproceedings{regazzoni-2020-multi-sensorial-generative-and-descriptive-self-awareness-models-for-autonomous-systems,
	author={C. S. Regazzoni and L. Marcenaro and D. Campo and B. Rinner},
	journal={Proceedings of the IEEE}, 
	title={Multisensorial Generative and Descriptive Self-Awareness Models for Autonomous Systems}, 
	year={2020},
	volume={108},
	number={7},
	pages={987-1010},
}